<?xml version="1.0" encoding="UTF-8"?>
<record xmlns="http://www.loc.gov/MARC21/slim">
   <leader>01993cam a2200373 a 4500</leader>
   <controlfield tag="001">191720</controlfield>
   <controlfield tag="003">NjP</controlfield>
   <controlfield tag="005">20190705135731.0</controlfield>
   <controlfield tag="008">831121m19769999ir       d    000 0 ara d</controlfield>
   <datafield tag="024" ind1="7" ind2=" ">
      <subfield code="a">princeton_aco004669</subfield>
      <subfield code="2">local</subfield>
   </datafield>
   <datafield ind1=" " ind2=" " tag="040">
      <subfield code="a">NjP</subfield>
      <subfield code="c">PUL</subfield>
      <subfield code="d">PUL</subfield>
   </datafield>
   <datafield ind1=" " ind2=" " tag="035">
      <subfield code="a">(CStRLIN)NJPG83-B78431</subfield>
   </datafield>
   <datafield ind1=" " ind2=" " tag="035">
      <subfield code="9">ABA6636TS</subfield>
   </datafield>
   <datafield ind1=" " ind2=" " tag="035">
      <subfield code="a">(NjP)191720</subfield>
   </datafield>
   <datafield ind1=" " ind2=" " tag="049">
      <subfield code="a">PULL</subfield>
   </datafield>
   <datafield ind1=" " ind2=" " tag="035">
      <subfield code="a">(OCoLC)ocm84451257</subfield>
   </datafield>
   <datafield ind1="1" ind2=" " tag="100">
      <subfield code="6">880-01</subfield>
      <subfield code="a">Ṭabībī, Ḥasan.</subfield>
   </datafield>
   <datafield ind1="1" ind2="3" tag="245">
      <subfield code="6">880-02</subfield>
      <subfield code="a">al-Muʻjam al-mufahras li-alfāẓ wasāʼil al-Shīʻah :</subfield>
      <subfield code="b">muʻjam tafḍīlī mufahras yaḍammu alfāẓ al-ḥadīth li-mawsūʻat al-Wasāʼil lil-shaykh al-Ḥurr al-ʻĀmilī ... /</subfield>
      <subfield code="c">waḍaʻahu Ḥasan Ṭabībī.</subfield>
   </datafield>
   <datafield ind1=" " ind2=" " tag="260">
      <subfield code="6">880-03</subfield>
      <subfield code="a">Ṭihrān :</subfield>
      <subfield code="b">al-Aʻlamī,</subfield>
      <subfield code="c">1396? i.e.1976?- ]</subfield>
   </datafield>
   <datafield ind1=" " ind2=" " tag="300">
      <subfield code="a">v. ;</subfield>
      <subfield code="c">24 cm.</subfield>
   </datafield>
   <datafield ind1=" " ind2=" " tag="590">
      <subfield code="6">880-04</subfield>
      <subfield code="a">Vols. 4-5, 7- have imprint: Qum: Jamāʻat al-Mudarrisīn fī al-Ḥawzah al-ʻIlmīyah.</subfield>
   </datafield>
   <datafield ind1=" " ind2=" " tag="590">
      <subfield code="a">Vol. 6 lacks imprint.</subfield>
   </datafield>
   <datafield ind1=" " ind2=" " tag="500">
      <subfield code="a">Preface dated 1396.</subfield>
   </datafield>
   <datafield ind1=" " ind2=" " tag="590">
      <subfield code="a">Vols. 4-5, 7- have imprint: Qum: Jamāʻat al-Mudarrisīn fī al-Ḥawzah al-ʻIlmīyah.</subfield>
   </datafield>
   <datafield ind1="1" ind2="0" tag="600">
      <subfield code="6">880-05</subfield>
      <subfield code="a">Ḥurr al-ʻĀmilī, Muḥammad ibn al-Ḥasan,</subfield>
      <subfield code="d">1624-1693.</subfield>
      <subfield code="t">Wasāʼil al-Shīʻah</subfield>
      <subfield code="x">Concordances.</subfield>
   </datafield>
   <datafield ind1="1" ind2=" " tag="880">
      <subfield code="6">100-01/r</subfield>
      <subfield code="a">طبيبي، حسن.</subfield>
   </datafield>
   <datafield ind1="1" ind2="2" tag="880">
      <subfield code="6">245-02/r</subfield>
      <subfield code="a">المعجم المفهرس لالفاظ وسائل الشيعة :</subfield>
      <subfield code="b">معجم تفضيلي مفهرس يضم الفاظ الحديث لموسوعة الوسائل للشيخ الحر العاملي ... /</subfield>
      <subfield code="c">وضعه حسن طبيبي.</subfield>
   </datafield>
   <datafield ind1=" " ind2=" " tag="880">
      <subfield code="6">260-03/r</subfield>
      <subfield code="a">طهران :</subfield>
      <subfield code="b">الاعلمي،</subfield>
      <subfield code="c">1396? i.e.1976?- ]</subfield>
   </datafield>
   <datafield ind1=" " ind2=" " tag="880">
      <subfield code="6">590-04/r</subfield>
      <subfield code="a">Vols. 4-5, 7- have imprint: قم: جماعة المدرسين في الحوزة العلمية.</subfield>
   </datafield>
   <datafield ind1="1" ind2="0" tag="880">
      <subfield code="6">600-05/r</subfield>
      <subfield code="a">حر العاملي، محمد بن الحسن،</subfield>
      <subfield code="d">1624-1693.</subfield>
      <subfield code="t">وسائل الشيعة</subfield>
      <subfield code="x">Concordances.</subfield>
   </datafield>
   <datafield ind1=" " ind2=" " tag="998">
      <subfield code="a">07/27/88</subfield>
      <subfield code="s">9118</subfield>
      <subfield code="n">NjP</subfield>
      <subfield code="w">NJPG83B78431</subfield>
      <subfield code="d">11/21/83</subfield>
      <subfield code="c">JCB</subfield>
      <subfield code="b">CS</subfield>
      <subfield code="i">880727</subfield>
      <subfield code="l">NJPG</subfield>
   </datafield>
   <datafield ind1=" " ind2=" " tag="911">
      <subfield code="a">19921028</subfield>
   </datafield>
   <datafield ind1=" " ind2=" " tag="912">
      <subfield code="a">19900821000000.0</subfield>
   </datafield>
   <datafield ind1=" " ind2=" " tag="994">
      <subfield code="a">C0</subfield>
      <subfield code="b">PUL</subfield>
   </datafield>
   <datafield ind1=" " ind2=" " tag="999">
      <subfield code="a">191720</subfield>
   </datafield>
   <datafield ind1=" " ind2=" " tag="979">
      <subfield code="a">(OCoLC)ocn175401999</subfield>
   </datafield>
   <datafield ind1="8" ind2="1" tag="852">
      <subfield code="0">210921</subfield>
      <subfield code="b">rcppa</subfield>
      <subfield code="t">1</subfield>
      <subfield code="h">2271.398.944</subfield>
      <subfield code="x">tr fr f</subfield>
   </datafield>
   <datafield ind1=" " ind2="0" tag="866">
      <subfield code="0">210921</subfield>
      <subfield code="8">0</subfield>
      <subfield code="a">juzʾ 1-10</subfield>
   </datafield>
   <datafield ind1=" " ind2="0" tag="866">
      <subfield code="0">210921</subfield>
      <subfield code="8">0</subfield>
      <subfield code="x">Add as: juzʾ RLIN ID to Serials.</subfield>
   </datafield>
   <datafield ind1=" " ind2="0" tag="866">
      <subfield code="0">210921</subfield>
      <subfield code="8">0</subfield>
      <subfield code="x">ADD AS: juzʾ</subfield>
   </datafield>
   <datafield ind1=" " ind2=" " tag="959">
      <subfield code="a">2000-06-13 00:00:00 -0500</subfield>
   </datafield>
</record>
